@article{rsi:cnos,
	author = {J.P. Cnossen and D. Dulin and N. H. Dekker},
	title = {An optimized software framework for real-time, high-throughput tracking of spherical beads},
	year = {2014},
	journal = {Review of Scientific Instruments}
}
@inbook{book:CUDA,
	author = {David A. Patterson and John L. Hennessy},
	title = {Computer Organization and Design},
	chapter = {Appendix A: Graphics and Computing GPUs},
	publisher = {Morgan Kaufmann},
	year = {2013},
	edition = {5th}
}